%%%% REFERENCES BIBLIOGRAPHIQUES %%%%

@Misc{
materializecss.com,
note = {Framework CSS permettant d'offrir simplement une interface Flat Design},
title = {Materialize},
author = {\url{materialize.com}}
}

@Misc{
http://google.com,
note = {Google},
title = {Google},
author = {\url{google.com}}
}

